@book{Goodfellow-et-al-2016,
    title={Deep Learning},
    author={Ian Goodfellow and Yoshua Bengio and Aaron Courville},
    publisher={MIT Press},
    note={\url{http://www.deeplearningbook.org}},
    year={2016}
}
@article{moon1996expectation,
  title={The expectation-maximization algorithm},
  author={Moon, Todd K},
  journal={IEEE Signal processing magazine},
  volume={13},
  number={6},
  pages={47--60},
  year={1996},
  publisher={IEEE}
}
@book{anzai2012pattern,
  title={Pattern recognition and machine learning},
  author={Anzai, Yuichiro},
  year={2012},
  publisher={Elsevier}
}
@article{doersch2016tutorial,
  title={Tutorial on variational autoencoders},
  author={Doersch, Carl},
  journal={arXiv preprint arXiv:1606.05908},
  year={2016}
}